@book{Kursbok,
author={Andreas Lindholm and Niklas Wahlström and Fredrik Lindsten and Thomas B. Schön},

year={2021},

title={Supervised Machine Learning},

publisher={Pre-pub:Cambridge university Press},

address={},

edition={Draft Version: January 12, 2021},

language={English},

}

@misc{sklearn,
  title = {Scikit-learn, Documentation - Nearest Neigbors},
  howpublished = {\url{https://scikit-learn.org/stable/modules/neighbors.html}},
  note = {Accessed: 2021-02-23}
}


@misc{sklearn2,
  title = {Scikit-learn, Documentation - sklearn.neighbors.KNeighborsClassifier},
  howpublished = {\url{https://scikit-learn.org/stable/modules/generated/sklearn.neighbors.KNeighborsClassifier.html#sklearn-neighbors-kneighborsclassifier}},
  note = {Accessed: 2021-02-23}
}